[gd_scene load_steps=11 format=2]

[ext_resource path="res://AntiqueNo14.ttf" type="DynamicFontData" id=1]
[ext_resource path="res://welcomeScreen.gd" type="Script" id=2]
[ext_resource path="res://gfx/background-wip.png" type="Texture" id=3]
[ext_resource path="res://gfx/header2.png" type="Texture" id=4]
[ext_resource path="res://snd/menu 2 loop mp3.mp3" type="AudioStream" id=5]

[sub_resource type="DynamicFont" id=5]
size = 19
use_mipmaps = true
use_filter = true
font_data = ExtResource( 1 )

[sub_resource type="DynamicFont" id=1]
size = 24
font_data = ExtResource( 1 )

[sub_resource type="DynamicFont" id=2]
size = 24
font_data = ExtResource( 1 )

[sub_resource type="DynamicFont" id=4]
size = 36
font_data = ExtResource( 1 )

[sub_resource type="DynamicFont" id=6]
size = 30
font_data = ExtResource( 1 )

[node name="welcomeScreen" type="Node2D"]
script = ExtResource( 2 )

[node name="Sprite2" type="Sprite" parent="."]
position = Vector2( 640, 400 )
scale = Vector2( 0.807265, 0.807265 )
texture = ExtResource( 3 )

[node name="VBoxContainer" type="VBoxContainer" parent="."]
margin_left = 228.0
margin_top = 144.0
margin_right = 1052.0
margin_bottom = 699.0
__meta__ = {
"_edit_use_anchors_": false
}

[node name="Label3" type="Label" parent="VBoxContainer"]
margin_right = 824.0
margin_bottom = 294.0
custom_fonts/font = SubResource( 5 )
text = "Find out that competition in the pursue of wisdom is also a cooperation.
One aspiring student philosopher needs another to get to the truth. However, only one will be rememberd byt the history!
-------------------------------------------------

Explore the knowledge with your friend-enemy (two players gameplay)! Every philosopher on the map will try to tell you his truths of life.
Get to them! Start the conversation, then try to get the knowledge (a letter) you need for the truth (displayed at the bottom of the screen).
Player who learns the most secrets - wins.
"
align = 1
autowrap = true

[node name="HBoxContainer" type="HBoxContainer" parent="VBoxContainer"]
margin_top = 298.0
margin_right = 824.0
margin_bottom = 460.0

[node name="player1controls" type="Label" parent="VBoxContainer/HBoxContainer"]
margin_right = 410.0
margin_bottom = 162.0
rect_min_size = Vector2( 410, 0 )
custom_fonts/font = SubResource( 1 )
text = "Player 1 controls:

W - jump
A,D - left, right
S - talk/choose letter"
__meta__ = {
"_edit_use_anchors_": false
}

[node name="player2controls" type="Label" parent="VBoxContainer/HBoxContainer"]
margin_left = 414.0
margin_right = 824.0
margin_bottom = 162.0
rect_min_size = Vector2( 410, 0 )
custom_fonts/font = SubResource( 2 )
text = "Player 2 controls:

up arrow - jump
left, right arrow - left, right
down arrow - talk/choose letter"

[node name="Label2" type="Label" parent="VBoxContainer"]
margin_top = 464.0
margin_right = 824.0
margin_bottom = 555.0
custom_fonts/font = SubResource( 4 )
text = "
Press SPACE to play"
align = 1

[node name="Sprite" type="Sprite" parent="."]
position = Vector2( 640, 400 )
scale = Vector2( 0.888889, 0.888889 )
texture = ExtResource( 4 )

[node name="Label" type="Label" parent="Sprite"]
margin_left = -720.0
margin_top = 270.0
margin_right = 729.0
margin_bottom = 450.0
custom_colors/font_color = Color( 0, 0, 0, 1 )
custom_fonts/font = SubResource( 6 )
text = "Press SPACE"
align = 1
valign = 1
__meta__ = {
"_edit_use_anchors_": false
}

[node name="AudioStreamPlayer" type="AudioStreamPlayer" parent="."]
stream = ExtResource( 5 )
volume_db = -10.0
autoplay = true
