[gd_scene load_steps=19 format=2]

[ext_resource path="res://win_screen.gd" type="Script" id=1]
[ext_resource path="res://AntiqueNo14.ttf" type="DynamicFontData" id=2]
[ext_resource path="res://gfx/Plansza filozof B.png" type="Texture" id=3]
[ext_resource path="res://gfx/Plansza filozof A.png" type="Texture" id=4]
[ext_resource path="res://space-slide-up.tres" type="Animation" id=5]
[ext_resource path="res://gfx/header_tlo.png" type="Texture" id=6]

[sub_resource type="DynamicFont" id=1]
size = 24
font_data = ExtResource( 2 )

[sub_resource type="DynamicFont" id=2]
size = 36
outline_size = 3
font_data = ExtResource( 2 )

[sub_resource type="DynamicFont" id=4]
size = 36
font_data = ExtResource( 2 )

[sub_resource type="Animation" id=5]
length = 0.001
tracks/0/type = "value"
tracks/0/path = NodePath("VBoxContainer:rect_position")
tracks/0/interp = 1
tracks/0/loop_wrap = true
tracks/0/imported = false
tracks/0/enabled = true
tracks/0/keys = {
"times": PoolRealArray( 0 ),
"transitions": PoolRealArray( 1 ),
"update": 0,
"values": [ Vector2( 0, -192 ) ]
}
tracks/1/type = "value"
tracks/1/path = NodePath("pressSpace:rect_position")
tracks/1/interp = 1
tracks/1/loop_wrap = true
tracks/1/imported = false
tracks/1/enabled = true
tracks/1/keys = {
"times": PoolRealArray( 0 ),
"transitions": PoolRealArray( 1 ),
"update": 0,
"values": [ Vector2( 0, 960 ) ]
}

[sub_resource type="Animation" id=6]
resource_name = "results-slide-down"
tracks/0/type = "value"
tracks/0/path = NodePath("VBoxContainer:rect_position")
tracks/0/interp = 2
tracks/0/loop_wrap = true
tracks/0/imported = false
tracks/0/enabled = true
tracks/0/keys = {
"times": PoolRealArray( 0, 1 ),
"transitions": PoolRealArray( 1, 1 ),
"update": 0,
"values": [ Vector2( 0, -192 ), Vector2( 0, 64 ) ]
}

[sub_resource type="DynamicFont" id=3]
font_data = ExtResource( 2 )

[sub_resource type="Animation" id=9]
length = 0.001
tracks/0/type = "value"
tracks/0/path = NodePath("Sprite:position")
tracks/0/interp = 1
tracks/0/loop_wrap = true
tracks/0/imported = false
tracks/0/enabled = true
tracks/0/keys = {
"times": PoolRealArray( 0 ),
"transitions": PoolRealArray( 1 ),
"update": 0,
"values": [ Vector2( -256, 548 ) ]
}
tracks/1/type = "value"
tracks/1/path = NodePath("leftWinText:position")
tracks/1/interp = 1
tracks/1/loop_wrap = true
tracks/1/imported = false
tracks/1/enabled = true
tracks/1/keys = {
"times": PoolRealArray( 0 ),
"transitions": PoolRealArray( 1 ),
"update": 0,
"values": [ Vector2( -408, 384 ) ]
}

[sub_resource type="Animation" id=10]
resource_name = "phil-left"
tracks/0/type = "value"
tracks/0/path = NodePath("Sprite:position")
tracks/0/interp = 2
tracks/0/loop_wrap = true
tracks/0/imported = false
tracks/0/enabled = true
tracks/0/keys = {
"times": PoolRealArray( 0, 1 ),
"transitions": PoolRealArray( 1, 1 ),
"update": 0,
"values": [ Vector2( -256, 548 ), Vector2( 184, 548 ) ]
}
tracks/1/type = "value"
tracks/1/path = NodePath("leftWinText:position")
tracks/1/interp = 1
tracks/1/loop_wrap = true
tracks/1/imported = false
tracks/1/enabled = true
tracks/1/keys = {
"times": PoolRealArray( 0, 1 ),
"transitions": PoolRealArray( 1, 1 ),
"update": 0,
"values": [ Vector2( -408, 384 ), Vector2( 344, 504 ) ]
}

[sub_resource type="Animation" id=11]
length = 0.001
tracks/0/type = "value"
tracks/0/path = NodePath("../Sprite2:position")
tracks/0/interp = 1
tracks/0/loop_wrap = true
tracks/0/imported = false
tracks/0/enabled = true
tracks/0/keys = {
"times": PoolRealArray( 0 ),
"transitions": PoolRealArray( 1 ),
"update": 0,
"values": [ Vector2( 1528, 548.375 ) ]
}
tracks/1/type = "value"
tracks/1/path = NodePath("../rightWinText:position")
tracks/1/interp = 1
tracks/1/loop_wrap = true
tracks/1/imported = false
tracks/1/enabled = true
tracks/1/keys = {
"times": PoolRealArray( 0 ),
"transitions": PoolRealArray( 1 ),
"update": 0,
"values": [ Vector2( 1688, 384 ) ]
}

[sub_resource type="Animation" id=12]
resource_name = "phil-right"
tracks/0/type = "value"
tracks/0/path = NodePath("../Sprite2:position")
tracks/0/interp = 2
tracks/0/loop_wrap = true
tracks/0/imported = false
tracks/0/enabled = true
tracks/0/keys = {
"times": PoolRealArray( 0, 1 ),
"transitions": PoolRealArray( 1, 1 ),
"update": 0,
"values": [ Vector2( 1528, 548.375 ), Vector2( 1096, 548.375 ) ]
}
tracks/1/type = "value"
tracks/1/path = NodePath("../rightWinText:position")
tracks/1/interp = 1
tracks/1/loop_wrap = true
tracks/1/imported = false
tracks/1/enabled = true
tracks/1/keys = {
"times": PoolRealArray( 0, 1 ),
"transitions": PoolRealArray( 1, 1 ),
"update": 0,
"values": [ Vector2( 1688, 384 ), Vector2( 928, 512 ) ]
}

[sub_resource type="DynamicFont" id=13]
size = 42
use_mipmaps = true
use_filter = true
font_data = ExtResource( 2 )

[sub_resource type="DynamicFont" id=14]
size = 42
use_mipmaps = true
use_filter = true
font_data = ExtResource( 2 )

[node name="winScreen" type="Node2D"]
script = ExtResource( 1 )

[node name="VBoxContainer" type="VBoxContainer" parent="."]
margin_top = -192.0
margin_right = 1280.0
margin_bottom = -64.0
__meta__ = {
"_edit_use_anchors_": false
}

[node name="winner" type="Label" parent="VBoxContainer"]
margin_right = 1280.0
margin_bottom = 30.0
custom_fonts/font = SubResource( 1 )
align = 1
valign = 1
__meta__ = {
"_edit_use_anchors_": false
}

[node name="HBoxContainer" type="HBoxContainer" parent="VBoxContainer"]
margin_top = 34.0
margin_right = 1280.0
margin_bottom = 78.0
alignment = 1

[node name="score1" type="Label" parent="VBoxContainer/HBoxContainer"]
margin_left = 631.0
margin_right = 631.0
margin_bottom = 44.0
custom_fonts/font = SubResource( 2 )

[node name="Label2" type="Label" parent="VBoxContainer/HBoxContainer"]
margin_left = 635.0
margin_right = 644.0
margin_bottom = 44.0
custom_fonts/font = SubResource( 4 )
text = ":"

[node name="score2" type="Label" parent="VBoxContainer/HBoxContainer"]
margin_left = 648.0
margin_right = 648.0
margin_bottom = 44.0
custom_fonts/font = SubResource( 2 )

[node name="scoreAnim" type="AnimationPlayer" parent="."]
anims/RESET = SubResource( 5 )
anims/results-slide-down = SubResource( 6 )

[node name="pressSpace" type="Label" parent="."]
margin_top = 960.0
margin_right = 1280.0
margin_bottom = 980.0
custom_fonts/font = SubResource( 3 )
text = "Press SPACE to play again"
align = 1
__meta__ = {
"_edit_use_anchors_": false
}

[node name="spaceAnim" type="AnimationPlayer" parent="."]
anims/space-slide-up = ExtResource( 5 )

[node name="Sprite" type="Sprite" parent="."]
position = Vector2( -256, 548 )
scale = Vector2( 0.404301, 0.411028 )
z_index = 104
texture = ExtResource( 4 )

[node name="leftAnim" type="AnimationPlayer" parent="."]
anims/RESET = SubResource( 9 )
anims/phil-left = SubResource( 10 )

[node name="Sprite2" type="Sprite" parent="."]
position = Vector2( 1528, 548.375 )
scale = Vector2( 0.401404, 0.401404 )
texture = ExtResource( 3 )

[node name="rightAnim" type="AnimationPlayer" parent="."]
root_node = NodePath("../leftAnim")
anims/RESET = SubResource( 11 )
anims/phil-right = SubResource( 12 )

[node name="leftWinText" type="Sprite" parent="."]
position = Vector2( -408, 384 )
rotation = 2.61799
scale = Vector2( 0.447882, 0.455334 )
z_index = -1
texture = ExtResource( 6 )

[node name="Label" type="Label" parent="leftWinText"]
margin_left = 32.0482
margin_top = 261.651
margin_right = 776.048
margin_bottom = 685.651
rect_rotation = 180.0
custom_fonts/font = SubResource( 13 )
text = "We must reject this, both as standpoint and as method. If this be philosophy, then philosophy is a bubble floating in an atmosphere of unreality.

Macmurray"
align = 1
valign = 1
autowrap = true
__meta__ = {
"_edit_use_anchors_": false
}

[node name="rightWinText" type="Sprite" parent="."]
position = Vector2( 1688, 384 )
rotation = 0.523599
scale = Vector2( 0.448, 0.455 )
z_index = -1
texture = ExtResource( 6 )

[node name="Label" type="Label" parent="rightWinText"]
margin_left = -665.796
margin_top = -291.496
margin_right = 76.2039
margin_bottom = 233.504
custom_fonts/font = SubResource( 14 )
text = "We must reject this, both as standpoint and as method. If this be philosophy, then philosophy is a bubble floating in an atmosphere of unreality.

Macmurray"
align = 1
valign = 1
autowrap = true
__meta__ = {
"_edit_use_anchors_": false
}
